<record><leader>00000cas a22000007a 4500</leader><controlfield tag="001">14401977</controlfield><controlfield tag="008">861016d18611862wauwr ne      0    0eng  </controlfield><controlfield tag="009">466</controlfield><datafield ind1=" " ind2=" " tag="010"><subfield code="a">sn 86072038 </subfield></datafield><datafield ind1=" " ind2=" " tag="040"><subfield code="a">DLC</subfield><subfield code="b">eng</subfield><subfield code="c">DLC</subfield><subfield code="d">SLZ</subfield><subfield code="d">DLC</subfield><subfield code="d">OCL</subfield><subfield code="d">OCLCQ</subfield><subfield code="d">OCLCO</subfield><subfield code="d">OCLCF</subfield></datafield><datafield ind1="1" ind2=" " tag="029"><subfield code="a">AU@</subfield><subfield code="b">000026226436</subfield></datafield><datafield ind1=" " ind2=" " tag="042"><subfield code="a">msc</subfield></datafield><datafield ind1=" " ind2=" " tag="043"><subfield code="a">n-us-wa</subfield></datafield><datafield ind1="0" ind2="0" tag="050"><subfield code="a">Newspaper</subfield></datafield><datafield ind1="0" ind2="0" tag="245"><subfield code="a">Vancouver telegraph.</subfield></datafield><datafield ind1=" " ind2=" " tag="260"><subfield code="a">Vancouver, Wash. Territory [i.e. Wash.] :</subfield><subfield code="b">John Aird &amp; Co.,</subfield><subfield code="c">1861-1862.</subfield></datafield><datafield ind1=" " ind2=" " tag="300"><subfield code="a">1 v. ;</subfield><subfield code="c">59 cm.</subfield></datafield><datafield ind1=" " ind2=" " tag="310"><subfield code="a">Weekly</subfield></datafield><datafield ind1="0" ind2=" " tag="362"><subfield code="a">Vol. 2, no. 23 (Dec. 14, 1861)-v. 2, no. 43 (May 2, 1862).</subfield></datafield><datafield ind1=" " ind2="0" tag="651"><subfield code="a">Vancouver (Wash.)</subfield><subfield code="v">Newspapers.</subfield></datafield><datafield ind1=" " ind2="7" tag="655"><subfield code="a">Newspapers.</subfield><subfield code="2">fast</subfield><subfield code="0">(OCoLC)fst01423814</subfield></datafield><datafield ind1=" " ind2="7" tag="651"><subfield code="a">Washington (State)</subfield><subfield code="z">Vancouver.</subfield><subfield code="2">fast</subfield><subfield code="0">(OCoLC)fst01206123</subfield></datafield><datafield ind1=" " ind2=" " tag="752"><subfield code="a">United States</subfield><subfield code="b">Washington</subfield><subfield code="c">Clark</subfield><subfield code="d">Vancouver.</subfield></datafield><datafield ind1="0" ind2="0" tag="780"><subfield code="t">Vancouver chronicle</subfield><subfield code="w">(DLC)sn 86072037</subfield></datafield></record>